<?xml version="1.0" encoding="UTF-8"?>
<collection xmlns:xsi="http://www.w3.org/2001/XMLSchema-instance" xsi:schemaLocation="http://www.loc.gov/MARC21/slim http://www.loc.gov/standards/marcxml/schema/MARC21slim.xsd" xmlns="http://www.loc.gov/MARC21/slim">
<record>
  <leader>01218cam a2200301 a 4500</leader>
  <controlfield tag="001">3235923</controlfield>
  <controlfield tag="003">NNC</controlfield>
  <controlfield tag="005">20151117185859.0</controlfield>
  <controlfield tag="008">880707m19101911le            000 0 ara  </controlfield>
  <datafield tag="010" ind1=" " ind2=" ">
    <subfield code="a">   76971014 </subfield>
  </datafield>
  <datafield tag="035" ind1=" " ind2=" ">
    <subfield code="a">(OCoLC)ocm18181045</subfield>
  </datafield>
  <datafield tag="035" ind1=" " ind2=" ">
    <subfield code="9">AUK8839CU</subfield>
  </datafield>
  <datafield tag="035" ind1=" " ind2=" ">
    <subfield code="a">(NNC)3235923</subfield>
  </datafield>
  <datafield tag="040" ind1=" " ind2=" ">
    <subfield code="a">DLC</subfield>
    <subfield code="c">AUM</subfield>
    <subfield code="d">AUM</subfield>
    <subfield code="d">ZCU</subfield>
  </datafield>
  <datafield tag="043" ind1=" " ind2=" ">
    <subfield code="a">a-sy---</subfield>
    <subfield code="a">a-le---</subfield>
  </datafield>
  <datafield tag="050" ind1="0" ind2=" ">
    <subfield code="a">DS97.5</subfield>
    <subfield code="b">.M33</subfield>
  </datafield>
  <datafield tag="099" ind1=" " ind2=" ">
    <subfield code="a">893.718</subfield>
    <subfield code="a">K527</subfield>
  </datafield>
  <datafield tag="245" ind1="0" ind2="0">
    <subfield code="a">Majmūʻat al-muḥarrarāt al-siyāsīyah wa-al-mufāwaḍāt al-dawlīyah ʻan Sūriyā wa-Lubnān min sanat 1840 ilá sanat 1910 /</subfield>
    <subfield code="c">taʻrīb Fīlīb wa-Farīd al-Khāzin.</subfield>
  </datafield>
  <datafield tag="260" ind1=" " ind2=" ">
    <subfield code="a">[S.l.:</subfield>
    <subfield code="b">s.n.],</subfield>
    <subfield code="c">1910-1911</subfield>
    <subfield code="e">(Jūnyah :</subfield>
    <subfield code="f">Maṭbaʻat al-Ṣabr)</subfield>
  </datafield>
  <datafield tag="300" ind1=" " ind2=" ">
    <subfield code="a">3 v. ;</subfield>
    <subfield code="c">25 cm.</subfield>
  </datafield>
  <datafield tag="500" ind1=" " ind2=" ">
    <subfield code="a">In Arabic.</subfield>
  </datafield>
  <datafield tag="500" ind1=" " ind2=" ">
    <subfield code="a">No more published.</subfield>
  </datafield>
  <datafield tag="505" ind1="0" ind2=" ">
    <subfield code="a">jild 1. Min sanat 1840 ilá sanat 1860 -- jild 2. Min Kānūn al-Thānī sanat 1860 ilá awākhir Tishrīn al-Awwal minhā -- jild 3. Min 26 Tishrīn al-Awwal sanat 1860 ilá 5 Ādhār sanat 1861.</subfield>
  </datafield>
  <datafield tag="651" ind1=" " ind2="0">
    <subfield code="a">Syria</subfield>
    <subfield code="x">History</subfield>
    <subfield code="y">1516-1918</subfield>
    <subfield code="v">Sources.</subfield>
  </datafield>
  <datafield tag="651" ind1=" " ind2="0">
    <subfield code="a">Lebanon</subfield>
    <subfield code="x">History</subfield>
    <subfield code="y">1516-1918</subfield>
    <subfield code="v">Sources.</subfield>
  </datafield>
  <datafield tag="700" ind1="1" ind2=" ">
    <subfield code="a">Khāzin, Fīlīb Qaʻdān,</subfield>
    <subfield code="d">-1916.</subfield>
  </datafield>
  <datafield tag="700" ind1="1" ind2=" ">
    <subfield code="a">El-Khazen, Farid.</subfield>
  </datafield>
  <datafield tag="955" ind1=" " ind2=" ">
    <subfield code="b">0315333442</subfield>
    <subfield code="d">glx</subfield>
    <subfield code="e">893.718 K527</subfield>
    <subfield code="v">v.3</subfield>
  </datafield>
</record>
</collection>